% Encoding: UTF-8

%%%
%
% Clean your file, use https://flamingtempura.github.io/bibtex-tidy/
%
% When creating the Bibtex file, we recommended to ensure that the DOI is listed.
%
%%%
@book{WSPA,
	title        = {Web Services Platform Architecture : SOAP, WSDL, WS-Policy, WS-Addressing, WS-BPEL, WS-Reliable Messaging, and More},
	author       = {Sanjiva Weerawarana and Francisco Curbera and Frank Leymann and Tony Storey and Donald F. Ferguson},
	year         = 2005,
	publisher    = {Prentice Hall PTR},
	doi          = {10.1.1/jpb001},
	isbn         = {0131488740}
}
@misc{ApacheODE,
	title        = {Apache ODE\texttrademark{} -- The Orchestration Director Engine},
	author       = {{The Apache Software Foundation}},
	year         = 2016,
	url          = {http://ode.apache.org},
	label        = {ASF}
}
@article{RVvdA2016,
	title        = {The effectiveness of workflow management systems: A longitudinal study},
	author       = {H.A. Reijers and I. Vanderfeesten and W.M.P. van der Aalst},
	year         = 2016,
	month        = feb,
	journal      = {International Journal of Information Management},
	publisher    = {Elsevier {BV}},
	volume       = 36,
	number       = 1,
	pages        = {126--141},
	doi          = {10.1016/j.ijinfomgt.2015.08.003}
}
@book{Duden2001,
	title        = {Die Deutsche Rechtschreibung},
	author       = {Duden},
	year         = 2001,
	publisher    = {Dudenverlag},
	isbn         = {3-411-04012-2},
	note         = {Aktualisierter Nachdruck},
	edition      = {22., völlig neu bearbeitete und erweiterte Auflage}
}
@comment{jabref-meta: databaseType:biblatex;}

@article{pargaonkar2021quality,
  title={Quality and Metrics in Software Quality Engineering},
  author={Pargaonkar, Shravan},
  journal={Journal of Science \& Technology},
  volume={2},
  number={1},
  pages={62--69},
  year={2021}
}


@inproceedings{pantiuchina2018improving,
  title={Improving code: The (mis) perception of quality metrics},
  author={Pantiuchina, Jevgenija and Lanza, Michele and Bavota, Gabriele},
  booktitle={2018 IEEE International Conference on Software Maintenance and Evolution (ICSME)},
  pages={80--91},
  year={2018},
  organization={IEEE}
}


@article{lee2014software,
  title={Software quality factors and software quality metrics to enhance software quality assurance},
  author={Lee, Ming-Chang},
  journal={British Journal of Applied Science \& Technology},
  volume={4},
  number={21},
  pages={3069--3095},
  year={2014}
}

@inproceedings{stroggylos2007refactoring,
  title={Refactoring--does it improve software quality?},
  author={Stroggylos, Konstantinos and Spinellis, Diomidis},
  booktitle={Fifth International Workshop on Software Quality (WoSQ'07: ICSE Workshops 2007)},
  pages={10--10},
  year={2007},
  organization={IEEE}
}


@article{mcintosh2016empirical,
  title={An empirical study of the impact of modern code review practices on software quality},
  author={McIntosh, Shane and Kamei, Yasutaka and Adams, Bram and Hassan, Ahmed E},
  journal={Empirical Software Engineering},
  volume={21},
  pages={2146--2189},
  year={2016},
  publisher={Springer}
}


@inproceedings{stegeman2014towards,
  title={Towards an empirically validated model for assessment of code quality},
  author={Stegeman, Martijn and Barendsen, Erik and Smetsers, Sjaak},
  booktitle={Proceedings of the 14th Koli Calling international conference on computing education research},
  pages={99--108},
  year={2014}
}


@article{jessup2021using,
  title={Using eye-tracking data to compare differences in code comprehension and code perceptions between expert and novice programmers},
  author={Jessup, Sarah and Willis, Sasha M and Alarcon, Gene and Lee, Michael},
  year={2021}
}


@inproceedings{sharif2012eye,
  title={An eye-tracking study on the role of scan time in finding source code defects},
  author={Sharif, Bonita and Falcone, Michael and Maletic, Jonathan I},
  booktitle={Proceedings of the symposium on eye tracking research and applications},
  pages={381--384},
  year={2012}
}


@article{kitchenham1996software,
  title={Software quality: the elusive target [special issues section]},
  author={Kitchenham, Barbara and Pfleeger, Shari Lawrence},
  journal={IEEE software},
  volume={13},
  number={1},
  pages={12--21},
  year={1996},
  publisher={Ieee}
}


@inproceedings{stegeman2016designing,
  title={Designing a rubric for feedback on code quality in programming courses},
  author={Stegeman, Martijn and Barendsen, Erik and Smetsers, Sjaak},
  booktitle={Proceedings of the 16th Koli Calling International Conference on Computing Education Research},
  pages={160--164},
  year={2016}
}

@inproceedings{sharif2010eye,
  title={An eye tracking study on camelcase and under\_score identifier styles},
  author={Sharif, Bonita and Maletic, Jonathan I},
  booktitle={2010 IEEE 18th International Conference on Program Comprehension},
  pages={196--205},
  year={2010},
  organization={IEEE}
}

@inproceedings{sharif2010eye,
  title={An eye tracking study on camelcase and under\_score identifier styles},
  author={Sharif, Bonita and Maletic, Jonathan I},
  booktitle={2010 IEEE 18th International Conference on Program Comprehension},
  pages={196--205},
  year={2010},
  organization={IEEE}
}

@inproceedings{sharif2012eye,
  title={An eye-tracking study on the role of scan time in finding source code defects},
  author={Sharif, Bonita and Falcone, Michael and Maletic, Jonathan I},
  booktitle={Proceedings of the symposium on eye tracking research and applications},
  pages={381--384},
  year={2012}
}

@article{tonella2008code,
  title={Code quality from the programmer’s perspective},
  author={Tonella, Paolo and Abebe, Surafel Lemma and others},
  journal={Proceedings of Science, XII Advanced Computing and Analysis Techniques in Physics Research, Erice, Italy},
  volume={5},
  pages={153},
  year={2008}
}


@article{jessup2021using,
  title={Using eye-tracking data to compare differences in code comprehension and code perceptions between expert and novice programmers},
  author={Jessup, Sarah and Willis, Sasha M and Alarcon, Gene and Lee, Michael},
  year={2021}
}

@misc{broberg2019using,
  title={Using eye tracking to study variable naming conventions and their effect on code readability},
  author={Broberg, Pontus and Jahanshahi, Shapour},
  year={2019}
}


@article{obaidellah2018survey,
  title={A survey on the usage of eye-tracking in computer programming},
  author={Obaidellah, Unaizah and Al Haek, Mohammed and Cheng, Peter C-H},
  journal={ACM Computing Surveys (CSUR)},
  volume={51},
  number={1},
  pages={1--58},
  year={2018},
  publisher={ACM New York, NY, USA}
}


@article{kadar2021program,
  title={Program Comprehension Technique in Teaching and Leaning: A Cognitive Perspective},
  author={Kadar, Rozita and Sumari, Putra and Othman, Jamal and Mohamed, Syarifah Adilah},
  year={2021}
}


@article{losavio2003quality,
  title={Quality characteristics for software architecture},
  author={Losavio, Francisca and Chirinos, Ledis and L{\'e}vy, Nicole and Ramdane-Cherif, Amar},
  journal={Journal of object Technology},
  volume={2},
  number={2},
  pages={133--150},
  year={2003}
}




@article{fitzpatrick1996software,
  title={Software quality: definitions and strategic issues},
  author={Fitzpatrick, Ronan},
  year={1996},
  publisher={Technological University Dublin}
}

@article{aroobaunderstanding,
  title={Understanding Comprehension of Iterative and Recursive Programs with Remote Eye Tracking},
  author={Arooba, Aqeel and Peitek, Norman and Apel, Sven and Mucke, Jonas and Siegmund, Janet}
}


@article{buse2009learning,
  title={Learning a metric for code readability},
  author={Buse, Raymond PL and Weimer, Westley R},
  journal={IEEE Transactions on software engineering},
  volume={36},
  number={4},
  pages={546--558},
  year={2009},
  publisher={IEEE}
}


@phdthesis{zapata2013development,
  title={Development of a Model for Security and Usability},
  author={Zapata Aspiazu, Laura},
  year={2013},
  school={Informatica}
}


@article{haoues2017guideline,
  title={A guideline for software architecture selection based on ISO 25010 quality related characteristics},
  author={Haoues, Mariem and Sellami, Asma and Ben-Abdallah, Han{\^e}ne and Cheikhi, Laila},
  journal={International Journal of System Assurance Engineering and Management},
  volume={8},
  pages={886--909},
  year={2017},
  publisher={Springer}
}



@article{losavio2004iso,
  title={ISO quality standards for measuring architectures},
  author={Losavio, Francisca and Chirinos, Ledis and Matteo, Alfredo and L{\'e}vy, Nicole and Ramdane-Cherif, Amar},
  journal={Journal of systems and software},
  volume={72},
  number={2},
  pages={209--223},
  year={2004},
  publisher={Elsevier}
}


@book{spinellis2006code,
  title={Code quality: the open source perspective},
  author={Spinellis, Diomidis},
  year={2006},
  publisher={Adobe Press}
}


@inproceedings{busjahn2014eye,
  title={Eye tracking in computing education},
  author={Busjahn, Teresa and Schulte, Carsten and Sharif, Bonita and Simon and Begel, Andrew and Hansen, Michael and Bednarik, Roman and Orlov, Paul and Ihantola, Petri and Shchekotova, Galina and others},
  booktitle={Proceedings of the tenth annual conference on International computing education research},
  pages={3--10},
  year={2014}
}

@article{yorimoto2024quantitative,
  title={Quantitative Quality Evaluation of the Impact of Indentation in Source Code Using Eye-Tracking},
  author={Yorimoto, Kou and Matsumoto, Shimpei},
  journal={IIAI Letters on Institutional Research},
  volume={4},
  year={2024}
}

@inproceedings{abbad2022estimating,
  title={Estimating developers' cognitive load at a fine-grained level using eye-tracking measures},
  author={Abbad-Andaloussi, Amine and Sorg, Thierry and Weber, Barbara},
  booktitle={Proceedings of the 30th IEEE/ACM international conference on program comprehension},
  pages={111--121},
  year={2022}
}

@inproceedings{silva2023evaluating,
  title={Evaluating the Code Comprehension of Novices with Eye Tracking},
  author={Silva Da Costa, Jos{\'e} Aldo and Gheyi, Rohit},
  booktitle={Proceedings of the XXII Brazilian Symposium on Software Quality},
  pages={332--341},
  year={2023}
}


@phdthesis{bauer2017indentations,
  title={Indentations: A Simple Matter of Style Or Support for Code Comprehension?},
  author={Bauer, Jennifer},
  year={2017},
  school={Universit{\"a}t Passau}
}

@misc{bakhuizen2019comments,
  title={When Comments and Code Diverge: Investigating the Consequences of Bad Comments},
  author={Bakhuizen, Ellinor and Landelius, Cecilia},
  year={2019}
}



@article{lahtinen2005study,
  title={A study of the difficulties of novice programmers},
  author={Lahtinen, Essi and Ala-Mutka, Kirsti and J{\"a}rvinen, Hannu-Matti},
  journal={Acm sigcse bulletin},
  volume={37},
  number={3},
  pages={14--18},
  year={2005},
  publisher={ACM New York, NY, USA}
}

@article{robins2003learning,
  title={Learning and teaching programming: A review and discussion},
  author={Robins, Anthony and Rountree, Janet and Rountree, Nathan},
  journal={Computer science education},
  volume={13},
  number={2},
  pages={137--172},
  year={2003},
  publisher={Taylor \& Francis}
}

@article{corritore1991novices,
  title={What do novices learn during program comprehension?},
  author={Corritore, Cynthia L and Wiedenbeck, Susan},
  journal={International Journal of Human-Computer Interaction},
  volume={3},
  number={2},
  pages={199--222},
  year={1991},
  publisher={Taylor \& Francis}
}


@article{andrzejewska2020development,
  title={Development of program comprehension skills by novice programmers--longitudinal eye tracking studies},
  author={Andrzejewska, Magdalena and Kotoniak, Pawe{\l}},
  journal={Informatics in Education},
  volume={19},
  number={4},
  pages={521--541},
  year={2020},
  publisher={Vilnius University Institute of Data Science and Digital Technologies}
}


@article{javier2021understanding,
  title={Understanding their voices from within: difficulties and code comprehension of life-long novice programmers},
  author={Javier, Billy},
  journal={International Journal of Arts, Sciences and Education},
  volume={1},
  number={1},
  pages={53--73},
  year={2021}
}


@inproceedings{inproceedings,
author = {Izu, Cruz and Mirolo, Claudio},
year = {2024},
month = {05},
pages = {1-10},
title = {Towards Comprehensive Assessment of Code Quality at CS1-Level: Tools, Rubrics and Refactoring Rules},
doi = {10.1109/EDUCON60312.2024.10578672}
}


@article{hanenberg2024indentation,
  title={Indentation and reading time: a randomized control trial on the differences between generated indented and non-indented if-statements},
  author={Hanenberg, Stefan and Morzeck, Johannes and Gruhn, Volker},
  journal={Empirical Software Engineering},
  volume={29},
  number={5},
  pages={134},
  year={2024},
  publisher={Springer}
}


@inproceedings{morzeck2023indentation,
  title={Indentation in Source Code: A Randomized Control Trial on the Readability of Control Flows in Java Code with Large Effects.},
  author={Morzeck, Johannes and Hanenberg, Stefan and Werger, Ole and Gruhn, Volker},
  booktitle={ICSOFT},
  pages={117--128},
  year={2023}
}

@inproceedings{steidl2013quality,
  title={Quality analysis of source code comments},
  author={Steidl, Daniela and Hummel, Benjamin and Juergens, Elmar},
  booktitle={2013 21st international conference on program comprehension (icpc)},
  pages={83--92},
  year={2013},
  organization={Ieee}
}


@article{hassan2022code,
  title={Code Comment Analysis--A Review Paper},
  author={Hassan, Syed Zohaib and Irshad, Ayesha and Mir, Jamaluddin and Aslam, Ayesha and Ayaz, Kalsoom and Bawazir, Muhammad Awais},
  journal={Journal of Management Practices, Humanities and Social Sciences},
  volume={6},
  number={1},
  pages={88--105},
  year={2022}
}


@mastersthesis{de2011comment,
  title={Comment analysis for program comprehension},
  author={de Freitas, Jos{\'e} Lu{\'\i}s Figueiredo},
  year={2011},
  school={Universidade do Minho (Portugal)}
}


@inproceedings{tan2007icomment,
  title={/* icomment: Bugs or bad comments?*},
  author={Tan, Lin and Yuan, Ding and Krishna, Gopal and Zhou, Yuanyuan},
  booktitle={Proceedings of twenty-first ACM SIGOPS symposium on Operating systems principles},
  pages={145--158},
  year={2007}
}


@inproceedings{de2017investigating,
  title={Investigating the identification of technical debt through code comment analysis},
  author={de Freitas Farias, M{\'a}rio Andr{\'e} and Santos, Jos{\'e} Am{\^a}ncio and Kalinowski, Marcos and Mendon{\c{c}}a, Manoel and Sp{\'\i}nola, Rodrigo Oliveira},
  booktitle={Enterprise Information Systems: 18th International Conference, ICEIS 2016, Rome, Italy, April 25--28, 2016, Revised Selected Papers 18},
  pages={284--309},
  year={2017},
  organization={Springer}
}

@incollection{izu2025introducing,
  title={Introducing Code Quality at CS1 Level: Examples and Activities},
  author={Izu, Cruz and Mirolo, Claudio and B{\"o}rstler, J{\"u}rgen and Connamacher, Harold and Crosby, Ryan and Glassey, Richard and Haldeman, Georgiana and Kiljunen, Olli and Kumar, Amruth N and Liu, David and others},
  booktitle={2024 Working Group Reports on Innovation and Technology in Computer Science Education},
  pages={339--377},
  year={2025}
}


@inproceedings{sedano2016code,
  title={Code readability testing, an empirical study},
  author={Sedano, Todd},
  booktitle={2016 IEEE 29th International conference on software engineering education and training (CSEET)},
  pages={111--117},
  year={2016},
  organization={IEEE}
}


@article{xia2017measuring,
  title={Measuring program comprehension: A large-scale field study with professionals},
  author={Xia, Xin and Bao, Lingfeng and Lo, David and Xing, Zhenchang and Hassan, Ahmed E and Li, Shanping},
  journal={IEEE Transactions on Software Engineering},
  volume={44},
  number={10},
  pages={951--976},
  year={2017},
  publisher={IEEE}
}

@article{winkler2024investigating,
  title={Investigating the readability of test code},
  author={Winkler, Dietmar and Urbanke, Pirmin and Ramler, Rudolf},
  journal={Empirical Software Engineering},
  volume={29},
  number={2},
  pages={53},
  year={2024},
  publisher={Springer}
}

@article{wagner2021code,
  title={Code comprehension confounders: A study of intelligence and personality},
  author={Wagner, Stefan and Wyrich, Marvin},
  journal={IEEE Transactions on Software Engineering},
  volume={48},
  number={12},
  pages={4789--4801},
  year={2021},
  publisher={IEEE}
}

@article{boehm1976quantitative,
  title={Quantitative evaluation of software quality},
  author={Boehm, Barry W and Brown, JR and Lipow, M},
  journal={Software Engineering: Barry W. Boehm's Lifetime Contributions to Software Development, Management, and Research},
  pages={25},
  year={1976}
}

@inproceedings{dugalic2012iso,
  title={ISO Software Quality Standards and Certification.},
  author={Dugalic, Bisera and Mishev, Anastas},
  booktitle={BCI (Local)},
  pages={113--116},
  year={2012}
}
@INPROCEEDINGS{8075175,
  author={Al-Saiyd, Nedhal A.},
  booktitle={2017 2nd International Conference on Computer and Communication Systems (ICCCS)}, 
  title={Source code comprehension analysis in software maintenance}, 
  year={2017},
  volume={},
  number={},
  pages={1-5},
  keywords={Maintenance engineering;Computer languages;Software maintenance;Documentation;Software systems;source code comprehension;code comprehension;models;refactoring;effort estimation;source line of code (SLOC)},
  doi={10.1109/CCOMS.2017.8075175}}

@article{karahasanovic2007comprehension,
  title={Comprehension strategies and difficulties in maintaining object-oriented systems: An explorative study},
  author={Karahasanovi{\'c}, Amela and Levine, Annette Kristin and Thomas, Richard},
  journal={Journal of Systems and Software},
  volume={80},
  number={9},
  pages={1541--1559},
  year={2007},
  publisher={Elsevier}
}



@article{duran2022cognitive,
  title={Cognitive load theory in computing education research: A review},
  author={Duran, Rodrigo and Zavgorodniaia, Albina and Sorva, Juha},
  journal={ACM Transactions on Computing Education (TOCE)},
  volume={22},
  number={4},
  pages={1--27},
  year={2022},
  publisher={ACM New York, NY}
}


@article{andrzejewska2020development,
  title={Development of program comprehension skills by novice programmers--longitudinal eye tracking studies},
  author={Andrzejewska, Magdalena and Kotoniak, Pawe{\l}},
  journal={Informatics in Education},
  volume={19},
  number={4},
  pages={521--541},
  year={2020},
  publisher={Vilnius University Institute of Data Science and Digital Technologies}
}

@article{sharafi2015systematic,
  title={A systematic literature review on the usage of eye-tracking in software engineering},
  author={Sharafi, Zohreh and Soh, Z{\'e}phyrin and Gu{\'e}h{\'e}neuc, Yann-Ga{\"e}l},
  journal={Information and Software Technology},
  volume={67},
  pages={79--107},
  year={2015},
  publisher={Elsevier}
}


@article{junior5005089understanding,
  title={Understanding Python Repetition Structures Through the Eyes of Novice Programmers: An Eye Tracking Analysis},
  author={J{\'u}nior Silva da Costa, Jos{\'e} and Gheyi, Rohit and Aldo, Jos{\'e} and Ribeiro, M{\'a}rcio},
  journal={Available at SSRN 5005089}
}

@inproceedings{sharafi2015eye,
  title={Eye-tracking metrics in software engineering},
  author={Sharafi, Zohreh and Shaffer, Timothy and Sharif, Bonita and Gu{\'e}h{\'e}neuc, Yann-Ga{\"e}l},
  booktitle={2015 Asia-Pacific Software Engineering Conference (APSEC)},
  pages={96--103},
  year={2015},
  organization={IEEE}
}

@article{jbara2017programmers,
  title={How programmers read regular code: a controlled experiment using eye tracking},
  author={Jbara, Ahmad and Feitelson, Dror G},
  journal={Empirical software engineering},
  volume={22},
  pages={1440--1477},
  year={2017},
  publisher={Springer}
}


@article{blignaut2019visualization,
  title={Visualization and quantification of eye tracking data for the evaluation of oculomotor function},
  author={Blignaut, Pieter and van Rensburg, Elize Janse and Oberholzer, Marsha},
  journal={Heliyon},
  volume={5},
  number={1},
  year={2019},
  publisher={Elsevier}
}

@inproceedings{zavgorodniaia2020measuring,
  title={Measuring the cognitive load of learning to program: A replication study},
  author={Zavgorodniaia, Albina and Duran, Rodrigo and Hellas, Arto and Seppala, Otto and Sorva, Juha},
  booktitle={United Kingdom \& Ireland Computing Education Research conference.},
  pages={3--9},
  year={2020}
}

@article{schnotz2007reconsideration,
  title={A reconsideration of cognitive load theory},
  author={Schnotz, Wolfgang and K{\"u}rschner, Christian},
  journal={Educational psychology review},
  volume={19},
  pages={469--508},
  year={2007},
  publisher={Springer}
}

@article{chen2009cognitive,
  title={Cognitive load theory: An empirical study of anxiety and task performance in language learning},
  author={Chen, I and Chang, Chi-Cheng and others},
  year={2009},
  publisher={Universidad de Almer{\'\i}a}
}

@inproceedings{storey2005theories,
  title={Theories, methods and tools in program comprehension: past, present and future},
  author={Storey, M-A},
  booktitle={13th International Workshop on Program Comprehension (IWPC'05)},
  pages={181--191},
  year={2005},
  organization={IEEE}
}


@inproceedings{fekete2020comprehensive,
  title={A comprehensive review on software comprehension models},
  author={Fekete, Anett and Porkol{\'a}b, Zolt{\'a}n},
  booktitle={Annales Mathematicae et Informaticae},
  volume={51},
  pages={103--111},
  year={2020},
  organization={Liceum University Press}
}


@article{von1995program,
  title={Program comprehension during software maintenance and evolution},
  author={Von Mayrhauser, Anneliese and Vans, A Marie},
  journal={Computer},
  volume={28},
  number={8},
  pages={44--55},
  year={1995},
  publisher={IEEE}
}

@Inbook{MacFarland2016,
author="MacFarland, Thomas W.
and Yates, Jan M.",
title="Mann--Whitney U Test ",
bookTitle="Introduction to Nonparametric Statistics for the Biological Sciences Using R",
year="2016",
publisher="Springer International Publishing",
address="Cham",
pages="103--132",
isbn="978-3-319-30634-6",
doi="10.1007/978-3-319-30634-6_4",
url="https://doi.org/10.1007/978-3-319-30634-6_4"
}
@misc{lmu_programming_lectures,
  author       = {{LMU München}},
  title        = {Einführung in die Programmierung [Lecture materials]},
  howpublished = {Ludwig-Maximilians-Universität München},
  year         = {2019--2024},
  note         = {Course materials adapted from the years 2019, 2020, and 2024}
}

